@article{marrero2019,
  author = {Marrero, Jos{\' e} and Garc{\' i}a, Alicia and Berrocoso, Manuel and Llinares, {\' A}ngeles and Rodr{\' i}guez-Losada, Antonio and Ortiz, R.},
  journal = {Journal of Applied Volcanology},
  year = {2019},
  month = {7},
  pages = {},
  title = {Strategies for the development of volcanic hazard maps in monogenetic volcanic fields: the example of {La} {Palma} ({Canary} {Islands})},
  volume = {8},
  doi = {10.1186/s13617-019-0085-5},
}

@article{ValerieWilson2022,
  author = {Valerie Wilson and William Darity-Jr.},
  journal = {Economic Policy Institute},
  year = {2022},
  month = {3},
  pages = {},
  title = {Understanding black-white disparities in labor market outcomes requires models that account for persistent discrimination and unequal bargaining power},
  volume = {},
  doi = {},
}

@article{Joseph2024,
  author = {Joseph Dean, Estee Smith},
  journal = {NCRC},
  year = {2024},
  month = {3},
  pages = {},
  title = {Gender Differences In Unemployment Trends: Race, Jobs And The Economy Update For February 2024},
  volume = {},
  doi = {},
}

@article{Oberlo2024,
  author = {},
  journal = {Oberlo},
  year = {2024},
  month = {},
  pages = {},
  title = {US UNEMPLOYMENT RATE BY INDUSTRY (2024)},
  volume = {},
  doi = {},
}

@article{TOIEducation2025,
  author = {TOIEducation},
  journal = {The Times Of India},
  year = {2025},
  month = {7},
  pages = {},
  title = {Degrees at risk: 10 US college majors with the highest unemployment rate in 2025},
  volume = {},
  doi = {},
}

@article{YiLiChienandPaulMorris,
  author = {YiLi Chien, Paul Morris},
  journal = {Federal Reserve Bank of St.Lois - Regional Economist},
  year = {2016},
  month = {1},
  pages = {},
  title = {Unemployment by Industry: Duration Must Be Considered, Too},
  volume = {},
  doi = {},
}
